@article{schensted1961longest,
  title={Longest increasing and decreasing subsequences},
  author={C. Shensted},
  journal={Canadian Journal of Mathematics},
  volume={13},
  pages={179--191},
  year={1961},
  publisher={Cambridge University Press}
}

@proceedings{dynamic,
   
    booktitle={Proc. 3rd Annual Symposium on Combinatorial Pattern Matching},
    
    
    }

@inproceedings{dynamisch,
    crossref={dynamic},
    title={Heaviest increasing/common subsequence problems},
    author={G. Jacobson and K.-P. Vo.},
    volume={644},
    series = {Lecture Notes in Computer Science},
    pages={52-66},
    year={1992},
    publisher={Springer-Verlag}
}

@book{ohlebusch,
    author={E. Ohlebusch},
    title={Bioinformatics Algorithms: Sequence Analysis, Genome Rearrange- ments, and Phylogenetic Reconstruction},
    year={2013},
    publischer={Oldenbusch Verlag}
    
}

@misc{fenwick,
    howpublished={\url{https://github.com/indy256/codelibrary}},
    title={Codelibrary},
    author={A. Navumenka},
    accessed={2022-10-24}
}

@misc{wordpress,
howpublished={\url{https://e2718281828459045.wordpress.com/2013/09/06/maximum-sum-increasing-subsequence/}},
	title={Maximum sum increasing subsequene},
	author={e2718281828459045},
	accesed={2022-10-30}
}

@misc{rank,
    howpublished={\url{https://stackoverflow.com/a/39375060}},
    author={Username: rcgldr}
    
}
 @misc{oracle, title={Lesson: Generics (Updated)}, howpublished={\url{https://docs.oracle.com/javase/tutorial/java/generics/index.html}}, journal={docs.oracle.com}, publisher={Oracle}, author={Oracle}} 
     

    